<?xml version="1.0" encoding="UTF-8"?><collection xmlns="http://www.loc.gov/MARC21/slim"><record><leader>00497nam--2200145-i-4500</leader><controlfield tag="001">000009587</controlfield><controlfield tag="002">20161230</controlfield><controlfield tag="005">20170222172101</controlfield><controlfield tag="008">060222s1000------------r-----000-0-eng-d</controlfield><datafield ind1=" " ind2=" " tag="100"><subfield code="a">Andersson, B</subfield></datafield><datafield ind1=" " ind2=" " tag="245"><subfield code="a">Sum rules for the vertex function from local commutativity. I,II. relations for the vacuum expectation values (the coordinate space vertex functon)</subfield></datafield><datafield ind1=" " ind2=" " tag="260"><subfield code="a">Lund</subfield><subfield code="b">Department Of Theoretical Physics</subfield><subfield code="c">1971</subfield></datafield><datafield ind1=" " ind2=" " tag="300"><subfield code="a">35 p.(II)</subfield></datafield><datafield ind1=" " ind2=" " tag="852"><subfield code="a">530.1:539.12</subfield></datafield><datafield ind1=" " ind2=" " tag="CAT"><subfield code="a">SYS</subfield><subfield code="c">20170222</subfield><subfield code="h">172101</subfield></datafield></record></collection>